<record><leader>00000cas a22000007a 4500</leader><controlfield tag="001">13539761</controlfield><controlfield tag="008">860507d19011909nvuwr ne      0    0eng d</controlfield><datafield ind1=" " ind2=" " tag="010"><subfield code="a">sn 86076135 </subfield></datafield><datafield ind1=" " ind2=" " tag="040"><subfield code="a">NNX</subfield><subfield code="b">eng</subfield><subfield code="c">NNX</subfield><subfield code="d">CNK</subfield><subfield code="d">OCLCQ</subfield><subfield code="d">YUS</subfield><subfield code="d">OCLCF</subfield><subfield code="d">OCLCO</subfield></datafield><datafield ind1=" " ind2=" " tag="042"><subfield code="a">msc</subfield></datafield><datafield ind1="0" ind2="0" tag="245"><subfield code="a">Tonopah bonanza.</subfield></datafield><datafield ind1="1" ind2="3" tag="246"><subfield code="a">Tonopah weekly bonanza</subfield></datafield><datafield ind1="1" ind2="7" tag="246"><subfield code="a">Weekly bonanza</subfield></datafield><datafield ind1=" " ind2=" " tag="260"><subfield code="a">Butler City [i.e. Butler], Nev. :</subfield><subfield code="b">Tonopah Pub. Co.,</subfield><subfield code="c">1901-1909.</subfield></datafield><datafield ind1=" " ind2=" " tag="300"><subfield code="a">9 v.</subfield></datafield><datafield ind1=" " ind2=" " tag="310"><subfield code="a">Weekly</subfield></datafield><datafield ind1="0" ind2=" " tag="362"><subfield code="a">Vol. 1, no. 1 (June 15, 1901)-v. 9, no. 29 (Dec. 25, 1909).</subfield></datafield><datafield ind1=" " ind2=" " tag="500"><subfield code="a">Butler, Nev. becomes Tonopah, Nev. on Mar. 3, 1905. Cf. Carlson, H.S. Nev. place names.</subfield></datafield><datafield ind1=" " ind2=" " tag="500"><subfield code="a">Title from publisher's statement: Tonopah weekly bonanza, Mar. 2, 1907-Dec. 25, 1909.</subfield></datafield><datafield ind1=" " ind2=" " tag="580"><subfield code="a">Daily edition: Tonopah daily bonanza.</subfield></datafield><datafield ind1=" " ind2="0" tag="651"><subfield code="a">Tonopah (Nev.)</subfield><subfield code="v">Newspapers.</subfield></datafield><datafield ind1=" " ind2="0" tag="651"><subfield code="a">Nye County (Nev.)</subfield><subfield code="v">Newspapers.</subfield></datafield><datafield ind1=" " ind2="7" tag="655"><subfield code="a">Newspapers.</subfield><subfield code="2">fast</subfield><subfield code="0">(OCoLC)fst01423814</subfield></datafield><datafield ind1=" " ind2="7" tag="651"><subfield code="a">Nevada</subfield><subfield code="z">Nye County.</subfield><subfield code="2">fast</subfield><subfield code="0">(OCoLC)fst01212482</subfield></datafield><datafield ind1=" " ind2="7" tag="651"><subfield code="a">Nevada</subfield><subfield code="z">Tonopah.</subfield><subfield code="2">fast</subfield><subfield code="0">(OCoLC)fst01234939</subfield></datafield><datafield ind1=" " ind2=" " tag="752"><subfield code="a">United States</subfield><subfield code="b">Nevada</subfield><subfield code="c">Nye</subfield><subfield code="d">Tonopah.</subfield></datafield><datafield ind1=" " ind2=" " tag="752"><subfield code="a">United States</subfield><subfield code="b">Nevada</subfield><subfield code="c">Nye</subfield><subfield code="d">Butler.</subfield></datafield><datafield ind1="1" ind2=" " tag="775"><subfield code="t">Tonopah daily bonanza</subfield><subfield code="w">(DLC)sn 86076142</subfield></datafield></record>